<?xml version = "1.0" encoding = "UTF-8"?><record>
  <leader>01254nam#a2200349#ca4500</leader>
  <controlfield tag="005">20210110064921.0</controlfield>
  <controlfield tag="007">tu</controlfield>
  <controlfield tag="008">030123m20029999gw############|||#|#ger#c</controlfield>
  <controlfield tag="001">990118782880206441</controlfield>
  <datafield tag="016" ind1="7" ind2=" ">
    <subfield code="a">1072944132</subfield>
    <subfield code="2">OCoLC</subfield>
  </datafield>
  <datafield tag="020" ind1=" " ind2=" ">
    <subfield code="a">9783437475900</subfield>
    <subfield code="9">978-3-437-47590-0</subfield>
    <subfield code="0">(uri) http://www.isbnsearch.org/isbn/9783437475900</subfield>
  </datafield>
  <datafield tag="020" ind1=" " ind2=" ">
    <subfield code="a">3437475908</subfield>
    <subfield code="9">3-437-47590-8</subfield>
    <subfield code="0">(uri) http://www.isbnsearch.org/isbn/3437475908</subfield>
  </datafield>
  <datafield tag="035" ind1=" " ind2=" ">
    <subfield code="a">(DE-605)HT013554909</subfield>
  </datafield>
  <datafield tag="035" ind1=" " ind2=" ">
    <subfield code="a">(OCoLC)1072944132</subfield>
    <subfield code="0">(uri) http://www.worldcat.org/oclc/1072944132</subfield>
  </datafield>
  <datafield tag="035" ind1=" " ind2=" ">
    <subfield code="a">(DE-599)HBZHT013554909</subfield>
  </datafield>
  <datafield tag="040" ind1=" " ind2=" ">
    <subfield code="a">290</subfield>
    <subfield code="b">ger</subfield>
    <subfield code="d">38 M</subfield>
    <subfield code="e">rakwb</subfield>
  </datafield>
  <datafield tag="041" ind1=" " ind2=" ">
    <subfield code="a">ger</subfield>
  </datafield>
  <datafield tag="044" ind1=" " ind2=" ">
    <subfield code="c">XA-DE</subfield>
  </datafield>
  <datafield tag="084" ind1=" " ind2=" ">
    <subfield code="a">DT 4000</subfield>
    <subfield code="2">rvk</subfield>
  </datafield>
  <datafield tag="084" ind1=" " ind2=" ">
    <subfield code="a">YN 6214</subfield>
    <subfield code="2">rvk</subfield>
  </datafield>
  <datafield tag="245" ind1="0" ind2="0">
    <subfield code="a">Patholinguistische Diagnostik bei Sprachentwicklungsst&#246;rungen</subfield>
    <subfield code="c">Christina Kauschke ; Julia Siegm&#252;ller. [Ill.: Matthias Deschner]</subfield>
  </datafield>
  <datafield tag="264" ind1=" " ind2="1">
    <subfield code="a">M&#252;nchen [u.a.]</subfield>
    <subfield code="b">Urban &amp; Fischer</subfield>
    <subfield code="c">2002-</subfield>
  </datafield>
  <datafield tag="689" ind1="0" ind2="0">
    <subfield code="a">Vorschulkind</subfield>
    <subfield code="D">s</subfield>
    <subfield code="0">(DE-588)4064017-6</subfield>
    <subfield code="0">(uri) https://portal.dnb.de/opac.htm?method=simpleSearch&amp;cqlMode=true&amp;query=idn=040640175</subfield>
    <subfield code="0">(uri) http://viaf.org/viaf/sourceID/DNB|040640175</subfield>
    <subfield code="B">GND-040640175</subfield>
  </datafield>
  <datafield tag="689" ind1="0" ind2="1">
    <subfield code="a">Sprachentwicklungsst&#246;rung</subfield>
    <subfield code="D">s</subfield>
    <subfield code="0">(DE-588)4124242-7</subfield>
    <subfield code="0">(uri) https://portal.dnb.de/opac.htm?method=simpleSearch&amp;cqlMode=true&amp;query=idn=041242424</subfield>
    <subfield code="0">(uri) http://viaf.org/viaf/sourceID/DNB|041242424</subfield>
    <subfield code="B">GND-041242424</subfield>
  </datafield>
  <datafield tag="689" ind1="0" ind2="2">
    <subfield code="a">Sprachtest</subfield>
    <subfield code="D">s</subfield>
    <subfield code="0">(DE-588)4077737-6</subfield>
    <subfield code="0">(uri) https://portal.dnb.de/opac.htm?method=simpleSearch&amp;cqlMode=true&amp;query=idn=040777375</subfield>
    <subfield code="0">(uri) http://viaf.org/viaf/sourceID/DNB|040777375</subfield>
    <subfield code="B">GND-040777375</subfield>
  </datafield>
  <datafield tag="700" ind1="1" ind2=" ">
    <subfield code="a">Kauschke, Christina</subfield>
    <subfield code="4">oth</subfield>
  </datafield>
  <datafield tag="700" ind1="1" ind2=" ">
    <subfield code="a">Siegm&#252;ller, Julia</subfield>
    <subfield code="0">(DE-588)122045165</subfield>
    <subfield code="4">oth</subfield>
    <subfield code="0">(uri) https://portal.dnb.de/opac.htm?method=simpleSearch&amp;cqlMode=true&amp;query=idn=122045165</subfield>
    <subfield code="0">(uri) http://viaf.org/viaf/sourceID/DNB|122045165</subfield>
    <subfield code="B">GND-122045165</subfield>
  </datafield>
  <datafield tag="700" ind1="1" ind2=" ">
    <subfield code="a">Deschner, Matthias</subfield>
    <subfield code="4">oth</subfield>
  </datafield>
  <datafield tag="785" ind1="0" ind2="0">
    <subfield code="i">Sp&#228;ter u.d.T.</subfield>
    <subfield code="t">Patholinguistische Diagnostik bei Sprachentwicklungsst&#246;rungen (PDSS)</subfield>
  </datafield>
  <datafield tag="964" ind1="0" ind2="s">
    <subfield code="F">030</subfield>
    <subfield code="A">a|1uc||||||37</subfield>
  </datafield>
  <datafield tag="964" ind1="0" ind2="s">
    <subfield code="F">050</subfield>
    <subfield code="A">a|||||||||||||</subfield>
  </datafield>
  <datafield tag="964" ind1="0" ind2="s">
    <subfield code="F">051</subfield>
    <subfield code="A">n|||||||</subfield>
  </datafield>
  <datafield tag="MBD" ind1=" " ind2=" ">
    <subfield code="M">49HBZ_NETWORK</subfield>
    <subfield code="i">990118782880206441</subfield>
    <subfield code="n">HBZ Network</subfield>
  </datafield>
  <datafield tag="MBD" ind1=" " ind2=" ">
    <subfield code="M">49HBZ_UBD</subfield>
    <subfield code="i">991000984389706445</subfield>
    <subfield code="n">Technische Universit&#228;t Dortmund</subfield>
  </datafield>
  <datafield tag="020" ind1=" " ind2=" ">
    <subfield code="a">9783437475900</subfield>
    <subfield code="9">978-3-437-47590-0</subfield>
    <subfield code="M">49HBZ_UBD</subfield>
  </datafield>
  <datafield tag="020" ind1=" " ind2=" ">
    <subfield code="a">3437475908</subfield>
    <subfield code="9">3-437-47590-8</subfield>
    <subfield code="M">49HBZ_UBD</subfield>
  </datafield>
  <datafield tag="980" ind1="1" ind2=" ">
    <subfield code="e">HBZ</subfield>
    <subfield code="9">LOCAL</subfield>
    <subfield code="M">49HBZ_UBD</subfield>
  </datafield>
  <datafield tag="981" ind1=" " ind2=" ">
    <subfield code="a">(DE-290)1027932</subfield>
    <subfield code="9">LOCAL</subfield>
    <subfield code="M">49HBZ_UBD</subfield>
  </datafield>
  <datafield tag="997" ind1=" " ind2=" ">
    <subfield code="a">20030123</subfield>
    <subfield code="9">LOCAL</subfield>
    <subfield code="M">49HBZ_UBD</subfield>
  </datafield>
  <datafield tag="MBD" ind1=" " ind2=" ">
    <subfield code="M">49HBZ_BIE</subfield>
    <subfield code="i">991006253159706442</subfield>
    <subfield code="n">Universit&#228;t Bielefeld</subfield>
  </datafield>
  <datafield tag="020" ind1=" " ind2=" ">
    <subfield code="a">9783437475900</subfield>
    <subfield code="9">978-3-437-47590-0</subfield>
    <subfield code="M">49HBZ_BIE</subfield>
  </datafield>
  <datafield tag="020" ind1=" " ind2=" ">
    <subfield code="a">3437475908</subfield>
    <subfield code="9">3-437-47590-8</subfield>
    <subfield code="M">49HBZ_BIE</subfield>
  </datafield>
  <datafield tag="980" ind1="1" ind2=" ">
    <subfield code="e">HBZ</subfield>
    <subfield code="9">LOCAL</subfield>
    <subfield code="M">49HBZ_BIE</subfield>
  </datafield>
  <datafield tag="981" ind1=" " ind2=" ">
    <subfield code="a">(DE-361)2051181</subfield>
    <subfield code="9">LOCAL</subfield>
    <subfield code="M">49HBZ_BIE</subfield>
  </datafield>
  <datafield tag="983" ind1=" " ind2=" ">
    <subfield code="b">BQ915</subfield>
    <subfield code="9">LOCAL</subfield>
    <subfield code="M">49HBZ_BIE</subfield>
  </datafield>
  <datafield tag="997" ind1=" " ind2=" ">
    <subfield code="a">20061005</subfield>
    <subfield code="9">LOCAL</subfield>
    <subfield code="M">49HBZ_BIE</subfield>
  </datafield>
  <datafield tag="MNG" ind1=" " ind2=" ">
    <subfield code="c">System</subfield>
    <subfield code="f">ILS</subfield>
    <subfield code="i">marc21</subfield>
    <subfield code="k">01</subfield>
    <subfield code="e">false</subfield>
    <subfield code="d">2021-01-10 06:49:21 Europe/Berlin</subfield>
    <subfield code="g">011878288-HBZ01</subfield>
    <subfield code="j">60</subfield>
    <subfield code="a">import</subfield>
    <subfield code="b">2020-11-22 15:34:30 Europe/Berlin</subfield>
  </datafield>
  <datafield tag="GST" ind1=" " ind2=" ">
    <subfield code="a">Sprachunterricht</subfield>
    <subfield code="x">Test</subfield>
    <subfield code="A">GND</subfield>
    <subfield code="B">GND-040777375</subfield>
    <subfield code="C">450</subfield>
  </datafield>
  <datafield tag="GST" ind1=" " ind2=" ">
    <subfield code="a">Sprachpru&#776;fung</subfield>
    <subfield code="A">GND</subfield>
    <subfield code="B">GND-040777375</subfield>
    <subfield code="C">450</subfield>
  </datafield>
  <datafield tag="GST" ind1=" " ind2=" ">
    <subfield code="a">Sprachleistungstest</subfield>
    <subfield code="A">GND</subfield>
    <subfield code="B">GND-040777375</subfield>
    <subfield code="C">450</subfield>
  </datafield>
  <datafield tag="GST" ind1=" " ind2=" ">
    <subfield code="a">Einstufungstest</subfield>
    <subfield code="g">Sprachtest</subfield>
    <subfield code="A">GND</subfield>
    <subfield code="B">GND-040777375</subfield>
    <subfield code="C">450</subfield>
  </datafield>
  <datafield tag="GSI" ind1="7" ind2=" ">
    <subfield code="a">http://d-nb.info/gnd/4077737-6</subfield>
    <subfield code="2">uri</subfield>
    <subfield code="A">GND</subfield>
    <subfield code="B">GND-040777375</subfield>
    <subfield code="C">024</subfield>
  </datafield>
  <datafield tag="GST" ind1=" " ind2=" ">
    <subfield code="a">Sprachentwicklung</subfield>
    <subfield code="x">Verzo&#776;gerung</subfield>
    <subfield code="A">GND</subfield>
    <subfield code="B">GND-041242424</subfield>
    <subfield code="C">450</subfield>
  </datafield>
  <datafield tag="GST" ind1=" " ind2=" ">
    <subfield code="a">Sprachentwicklungsverzo&#776;gerung</subfield>
    <subfield code="A">GND</subfield>
    <subfield code="B">GND-041242424</subfield>
    <subfield code="C">450</subfield>
  </datafield>
  <datafield tag="GST" ind1=" " ind2=" ">
    <subfield code="a">Spracherwerb</subfield>
    <subfield code="x">Retardation</subfield>
    <subfield code="A">GND</subfield>
    <subfield code="B">GND-041242424</subfield>
    <subfield code="C">450</subfield>
  </datafield>
  <datafield tag="GST" ind1=" " ind2=" ">
    <subfield code="a">Spracherwerb</subfield>
    <subfield code="x">Sto&#776;rung</subfield>
    <subfield code="A">GND</subfield>
    <subfield code="B">GND-041242424</subfield>
    <subfield code="C">450</subfield>
  </datafield>
  <datafield tag="GST" ind1=" " ind2=" ">
    <subfield code="a">Spracherwerbssto&#776;rung</subfield>
    <subfield code="A">GND</subfield>
    <subfield code="B">GND-041242424</subfield>
    <subfield code="C">450</subfield>
  </datafield>
  <datafield tag="GSI" ind1="7" ind2=" ">
    <subfield code="a">http://d-nb.info/gnd/4124242-7</subfield>
    <subfield code="2">uri</subfield>
    <subfield code="A">GND</subfield>
    <subfield code="B">GND-041242424</subfield>
    <subfield code="C">024</subfield>
  </datafield>
  <datafield tag="GST" ind1=" " ind2=" ">
    <subfield code="a">Kind</subfield>
    <subfield code="x">Vorschulalter</subfield>
    <subfield code="A">GND</subfield>
    <subfield code="B">GND-040640175</subfield>
    <subfield code="C">450</subfield>
  </datafield>
  <datafield tag="GST" ind1=" " ind2=" ">
    <subfield code="a">Kind</subfield>
    <subfield code="g">3-6 Jahre</subfield>
    <subfield code="A">GND</subfield>
    <subfield code="B">GND-040640175</subfield>
    <subfield code="C">450</subfield>
  </datafield>
  <datafield tag="GST" ind1=" " ind2=" ">
    <subfield code="a">Kindergartenkind</subfield>
    <subfield code="A">GND</subfield>
    <subfield code="B">GND-040640175</subfield>
    <subfield code="C">450</subfield>
  </datafield>
  <datafield tag="GST" ind1=" " ind2=" ">
    <subfield code="a">Vorschulalter</subfield>
    <subfield code="A">GND</subfield>
    <subfield code="B">GND-040640175</subfield>
    <subfield code="C">450</subfield>
  </datafield>
  <datafield tag="GST" ind1=" " ind2=" ">
    <subfield code="a">Vorschulkinder</subfield>
    <subfield code="A">GND</subfield>
    <subfield code="B">GND-040640175</subfield>
    <subfield code="C">450</subfield>
  </datafield>
  <datafield tag="GSI" ind1="7" ind2=" ">
    <subfield code="a">http://d-nb.info/gnd/4064017-6</subfield>
    <subfield code="2">uri</subfield>
    <subfield code="A">GND</subfield>
    <subfield code="B">GND-040640175</subfield>
    <subfield code="C">024</subfield>
  </datafield>
  <datafield tag="GPN" ind1="1" ind2=" ">
    <subfield code="a">Siegm&#252;ller, J.</subfield>
    <subfield code="A">GND</subfield>
    <subfield code="B">GND-122045165</subfield>
    <subfield code="C">400</subfield>
  </datafield>
  <datafield tag="GSI" ind1="7" ind2=" ">
    <subfield code="a">122045165</subfield>
    <subfield code="0">http://d-nb.info/gnd/122045165</subfield>
    <subfield code="2">gnd</subfield>
    <subfield code="A">GND</subfield>
    <subfield code="B">GND-122045165</subfield>
    <subfield code="C">024</subfield>
  </datafield>
</record>